@article{KellMG2007,
author = {Kell, L. T. and Mosqueira, I. and Grosjean, P. and Fromentin, J-M. and Garcia, D. and Hillary, R. and Jardim, E. and Mardle, S. and Pastoors, M. A. and Poos, J. J. and Scott, F. and Scott, R. D.}, 
title = {FLR: an open-source framework for the evaluation and development of management strategies},
volume = {64}, 
number = {4}, 
pages = {640-646}, 
year = {2007}, 
doi = {10.1093/icesjms/fsm012}, 
URL = {http://icesjms.oxfordjournals.org/content/64/4/640.abstract}, 
eprint = {http://icesjms.oxfordjournals.org/content/64/4/640.full.pdf+html}, 
journal = {ICES Journal of Marine Science: Journal du Conseil} 
}

